<?xml version="1.0" encoding="UTF-8"?><collection xmlns="http://www.loc.gov/MARC21/slim"><record><leader>00403nam--2200133-i-4500</leader><controlfield tag="001">000008979</controlfield><controlfield tag="002">20161230</controlfield><controlfield tag="005">20161230201028</controlfield><controlfield tag="008">060222s1000------------r-----000-0-eng-d</controlfield><datafield ind1=" " ind2=" " tag="100"><subfield code="a">Baker, P. S</subfield></datafield><datafield ind1=" " ind2=" " tag="245"><subfield code="a">List of aec radioisotope customers with summar y of radioisotope shipments fy 1966</subfield></datafield><datafield ind1=" " ind2=" " tag="260"><subfield code="a">Oak Ridge, Oak Ridge National Laboratory, 1967 Iii + 44 P</subfield></datafield><datafield ind1=" " ind2=" " tag="490"><subfield code="a">(Ornl-11c-9)</subfield></datafield><datafield ind1=" " ind2=" " tag="852"><subfield code="a">621.039</subfield></datafield></record></collection>